@article{Hughes2015,
  title={An open access repository of images on plant health to enable the development of mobile disease diagnostics},
  author={Hughes, David P and Salath√©, Marcel},
  journal={arXiv preprint arXiv:1511.08060},
  year={2015}
}
@inproceedings{Tan2019,
  title={EfficientNet: Rethinking Model Scaling for Convolutional Neural Networks},
  author={Tan, Mingxing and Le, Quoc},
  booktitle={ICML},
  year={2019}
}

